@INPROCEEDINGS{buscher_2012, 
    author={G. {Büscher} and R. {Kõiva} and C. {Schürmann} and R. {Haschke} and H. J. {Ritter}}, 
    booktitle={2012 12th IEEE-RAS International Conference on Humanoid Robots (Humanoids 2012)}, 
    title={Tactile dataglove with fabric-based sensors}, 
    year={2012}, 
    volume={}, 
    number={}, 
    pages={204-209}, 
    keywords={data gloves;fabrics;force measurement;tactile sensors;fabric-based flexible-stretchable tactile sensor;tactile cells;sensor patch;freeform surface covering;soft padding;human-like artificial skin;force measurements;human manual interactions;sensor construction;sensor performance evaluation;wearable tactile dataglove;Fabrics;Tactile sensors;Force;Electrodes;Probes}, 
    doi={10.1109/HUMANOIDS.2012.6651521}, 
    ISSN={2164-0572}, 
    month={Nov},
}


@INPROCEEDINGS{linn_2017, 
    author={T. {Linn} and A. {Jwaid} and S. {Clark}}, 
    booktitle={2017 Computing Conference}, 
    title={Smart glove for visually impaired}, 
    year={2017}, 
    volume={}, 
    number={}, 
    pages={1323-1329}, 
    keywords={data gloves;handicapped aids;software engineering;ultrasonic transducers;software developments;user-friendly design;smart glove;low-cost travel aid;convenient cost travel aid;ultrasonic sensors;mobility aid;Sensors;Pins;Acoustics;Universal Serial Bus;Hardware;Switches;Testing;lilypad;Arduino;visually impaired;Visually Impaired Assistant (VIA);Electronic Travel Aid (ETA);wearable;smart glove;washable;low cost;portable;ultrasonic}, 
    doi={10.1109/SAI.2017.8252262}, 
    ISSN={}, 
    month={July},
}

@INPROCEEDINGS{mardiyanto_2017, 
    author={R. {Mardiyanto} and M. F. R. {Utomo} and D. {Purwanto} and H. {Suryoatmojo}}, 
    booktitle={2017 International Seminar on Intelligent Technology and Its Applications (ISITIA)}, 
    title={Development of hand gesture recognition sensor based on accelerometer and gyroscope for controlling arm of underwater remotely operated robot}, 
    year={2017}, 
    volume={}, 
    number={}, 
    pages={329-333}, 
    keywords={accelerometers;gesture recognition;grippers;gyroscopes;image sensors;manipulators;microcontrollers;position control;remotely operated vehicles;underwater vehicles;hand gesture recognition sensor;accelerometer;gyroscope;operator hand;underwater remotely operated vehicle;underwater system;underwater robot;microcontroller slave;sensor part;sensors value;underwater remotely robot arm;flex sensor;Robot sensing systems;Manipulators;Three-dimensional displays;Kinematics;Accelerometers;Microcontrollers;Hand Gesture;Accelerometer;Gyroscope;forward kinematic;3D position;underwater robot}, 
    doi={10.1109/ISITIA.2017.8124104}, 
    ISSN={}, 
    month={Aug},
}



@INPROCEEDINGS{o-larnnithipong_2016, 
    author={N. {O-larnnithipong} and A. {Barreto}}, 
    booktitle={2016 IEEE SENSORS}, 
    title={Gyroscope drift correction algorithm for inertial measurement unit used in hand motion tracking}, 
    year={2016}, 
    volume={}, 
    number={}, 
    pages={1-3}, 
    keywords={gyroscopes;motion measurement;gyroscope drift correction algorithm;inertial measurement unit;human hand motion tracking;bias offset error;linear regression model;quaternion orientation estimate;unbiased gyroscope data;angular difference;gravity vector;accelerometer;Quaternions;Gyroscopes;Gravity;Tracking;Angular velocity;Accelerometers;Estimation;Inertial Measurement Unit;Gyroscope Drift;Drift Correction Algorithm;Bias Offset Error Estimation;Quaternion Correction using Gravity Vector;Hand Motion Tracking}, 
    doi={10.1109/ICSENS.2016.7808525}, 
    ISSN={}, 
    month={Oct},
}


@INPROCEEDINGS{hee_2017, 
    author={S. H. {Oh} and T. K. {Whangbo}}, 
    booktitle={2017 4th International Conference on Computer Applications and Information Processing Technology (CAIPT)}, 
    title={A study on the effective interaction method to improve the presence in social virtual reality game}, 
    year={2017}, 
    volume={}, 
    number={}, 
    pages={1-2}, 
    keywords={computer games;human computer interaction;virtual reality;inter-user presence;social VR game;social relation extension space;effective interaction method;social virtual reality game;effective player movement;Games;Resists;Avatars;Aerospace electronics;Virtual environments;Haptic interfaces;Virtual Reality;Interaction;Social VR game;User Experience;Presence;HCI}, 
    doi={10.1109/CAIPT.2017.8320715}, 
    ISSN={}, 
    month={Aug},
}


@ARTICLE{Tham_2018, 
    author={J. {Tham} and A. H. {Duin} and L. {Gee} and N. {Ernst} and B. {Abdelqader} and M. {McGrath}}, 
    journal={IEEE Transactions on Professional Communication}, 
    title={Understanding Virtual Reality: Presence, Embodiment, and Professional Practice}, 
    year={2018}, 
    volume={61}, 
    number={2}, 
    pages={178-195}, 
    keywords={computer aided instruction;professional communication;virtual reality;professional practice;VR technologies;literature review;computer science;communication studies;VR development;concurrent case studies;high-end VR devices;Google Cardboard;Google Daydream View;VR immersion;user themes;technical communication;VR integration;virtual reality;low-end VR devices;VR content design;Google;Professional communication;Interviews;Augmented reality;Hardware;Solid modeling;Embodiment;pedagogy;practice;presence;technical and professional communication;virtual reality}, 
    doi={10.1109/TPC.2018.2804238}, 
    ISSN={0361-1434}, 
    month={June},
}

@INPROCEEDINGS{Pereira_2013, 
    author={L. C. {Pereira} and R. V. {Aroca} and R. R. {Dantas}}, 
    booktitle={2013 XV Symposium on Virtual and Augmented Reality}, 
    title={FlexDGlove: A Low Cost Dataglove with Virtual Hand Simulator for Virtual Reality Applications}, 
    year={2013}, 
    volume={}, 
    number={}, 
    pages={260-263}, 
    keywords={data gloves;virtual reality;FlexDGlove;dataglove;virtual reality applications;integrated virtual hand simulator;Data gloves;Sensors;Three-dimensional displays;Thumb;Solid modeling;Games;Data glove;Hand simulation}, 
    doi={10.1109/SVR.2013.34}, 
    ISSN={}, 
    month={May},
}


@ARTICLE{Buechley_2008, 
    author={L. {Buechley} and M. {Eisenberg}}, 
    journal={IEEE Pervasive Computing}, 
    title={The LilyPad Arduino: Toward Wearable Engineering for Everyone}, 
    year={2008}, 
    volume={7}, 
    number={2}, 
    pages={12-15}, 
    keywords={fabrics;production engineering computing;textile industry;ubiquitous computing;wearable computers;LilyPad Arduino;wearable engineering;electronic textiles;e-textiles;wearable computing;pervasive device;fabric-based computer;ubiquitous computing;computer science;electrical engineering;textile design;fashion design;Textile technology;Clothing;Design engineering;Wearable computers;Computer vision;Pervasive computing;Ubiquitous computing;Fabrics;Computer science;Electrical engineering;electronic textile;e-textile;computational design}, 
    doi={10.1109/MPRV.2008.38}, 
    ISSN={1536-1268}, 
    month={April},
}
